% Bibliografía
% Este fichero contiene la bibliografía de la memoria
% Está en un formato que se conoce como BibTex.
% Hay muchos sitios web que exportan referencias en formato BibTeX. 
% Prueba a buscar en http://scholar.google.com por referencias
% y verás que lo puedes hacer de manera sencilla.
% Más información: 
% http://texblog.org/2014/04/22/using-google-scholar-to-download-bibtex-citations/
% Existen varias posibilidades para referenciar diferentes tipos de documentos,
% ya que los datos necesarios varían. Así, existen formatos de entrada para
%     * libros (book)
%     * artículos en revistas de investigación (article)
%     * capítulos de libro (incollection)
%     * informes técnicos (techreport)
%     * otros (misc)
%
% Las páginas web deberían ir como misc.

%% Books
  
%% Misc
@online{MYSQL, 
  title={MySQL documentation}, 
  url={https://dev.mysql.com/doc/},
  organization={oracle}
}

@online{Python, 
  title={Python documentation}, 
  url={https://docs.python.org/3/library/sqlite3.html},
  organization={Python Software Foundation}
}

@online{Graphite, 
  title={Graphite documentation}, 
  url={https://graphite.readthedocs.io/en/latest/overview.html},
  author={Chris Davis; 2011-2021}
}

@online{Tableau, 
  title={Tableau documentation}, 
  url={https://www.tableau.com/es-es/why-tableau/what-is-tableau},
  organization={TABLEAU SOFTWARE, LLC}
}


%% Articles

%% Caps Libros
@incollection{krogh2020mysql,
  title={MySQL Workbench},
  author={Krogh, Jesper Wisborg},
  booktitle={MySQL 8 Query Performance Tuning},
  pages={199--226},
  year={2020},
  publisher={Springer}
}
@incollection{chakraborty2021grafana,
  title={Grafana},
  author={Chakraborty, Mainak and Kundan, Ajit Pratap},
  booktitle={Monitoring Cloud-Native Applications},
  pages={187--240},
  year={2021},
  publisher={Springer}
}

%% Others
@inproceedings{van2007python,
  title={Python Programming language.},
  author={Van Rossum, Guido and others},
  booktitle={USENIX annual technical conference},
  volume={41},
  number={1},
  pages={1--36},
  year={2007}
}



